<record><leader>00000cas a22000007a 4500</leader><controlfield tag="001">19380786</controlfield><controlfield tag="008">890317d19031904idumr ne      0    0eng d</controlfield><datafield ind1=" " ind2=" " tag="010"><subfield code="a">sn 89055089 </subfield></datafield><datafield ind1=" " ind2=" " tag="040"><subfield code="a">NVB</subfield><subfield code="b">eng</subfield><subfield code="c">NVB</subfield><subfield code="d">OCLCQ</subfield><subfield code="d">OCLCF</subfield><subfield code="d">OCLCO</subfield></datafield><datafield ind1=" " ind2=" " tag="042"><subfield code="a">msc</subfield></datafield><datafield ind1=" " ind2=" " tag="043"><subfield code="a">n-us-id</subfield></datafield><datafield ind1="0" ind2=" " tag="130"><subfield code="a">Mountain echoes (Fort Hall, Idaho)</subfield></datafield><datafield ind1="1" ind2="0" tag="245"><subfield code="a">Mountain echoes.</subfield></datafield><datafield ind1=" " ind2=" " tag="260"><subfield code="a">Fort Hall, Idaho :</subfield><subfield code="b">Fort Hall Indian School</subfield></datafield><datafield ind1=" " ind2=" " tag="300"><subfield code="a">v.</subfield></datafield><datafield ind1=" " ind2=" " tag="310"><subfield code="a">Monthly</subfield></datafield><datafield ind1="0" ind2=" " tag="362"><subfield code="a">Vol. 1, no. 1 (Dec. 1903)-v. 1, no. 8 (June 1904).</subfield></datafield><datafield ind1=" " ind2="0" tag="651"><subfield code="a">Fort Hall (Idaho)</subfield><subfield code="v">Newspapers.</subfield></datafield><datafield ind1=" " ind2="7" tag="655"><subfield code="a">Newspapers.</subfield><subfield code="2">fast</subfield><subfield code="0">(OCoLC)fst01423814</subfield></datafield><datafield ind1=" " ind2="7" tag="651"><subfield code="a">Idaho</subfield><subfield code="z">Fort Hall.</subfield><subfield code="2">fast</subfield><subfield code="0">(OCoLC)fst01871452</subfield></datafield><datafield ind1=" " ind2=" " tag="752"><subfield code="a">United States</subfield><subfield code="b">Idaho</subfield><subfield code="c">Bingham</subfield><subfield code="d">Fort Hall.</subfield></datafield></record>